@book{Rules,
    author={Edward Hoyle},
    year={1803},
    title={Hoyle’s Games Improved},
    publisher={C. Whittingham}
}

@article{squares,
    author = {Bogdan S. Chlebus},
    title = {Domino-tiling games},
    journal = {Journal of Computer and System Sciences},
    year = {1986},
    volume = {32},
    number = {3},
    pages = {374--392}
}

@article{turing,
    author = {Gr\"{a}del, Erich},
    title = {Domino Games and Complexity},
    journal = {SIAM Journal on Computing},
    volume = {19},
    number = {5},
    pages = {787-804},
    year = {1990},
    doi = {10.1137/0219055},
    URL = {https://doi.org/10.1137/0219055}
}

@article{education,
    title={Dominoes Game to Improve the Students’ Vocabulary in Middle Basic Education},
    author={Zambrano, Mar{\'\i}a de los {\'A}ngeles Correa and Pati{\~n}o, Adriana Elizabeth Cango},
    journal={Ciencia Latina: Revista Multidisciplinar},
    volume={8},
    number={5},
    pages={10552--10561},
    year={2024},
    publisher={Centro de Investigaci{\'o}n ALAC}
}

@inproceedings{regional,
    title={Comparing strategies to play a 2-sided dominoes game},
    author={da Cruz, Andr{\'e} R and Guimar{\~a}es, Frederico G and Takahashi, Ricardo HC},
    booktitle={2013 BRICS Congress on Computational Intelligence and 11th Brazilian Congress on Computational Intelligence},
    pages={310--316},
    year={2013},
    organization={IEEE}
}
